<?xml version="1.0" encoding="UTF-8"?><collection xmlns="http://www.loc.gov/MARC21/slim"><record><leader>00459nam--2200121-i-4500</leader><controlfield tag="001">000032149</controlfield><controlfield tag="002">20161230</controlfield><controlfield tag="005">20161230201039</controlfield><controlfield tag="008">060222s1000------------r-----000-0-eng-d</controlfield><datafield ind1=" " ind2=" " tag="080"><subfield code="a">620.191</subfield></datafield><datafield ind1=" " ind2=" " tag="245"><subfield code="a">Meatl surfaces:structure, energetics and kinetics.papers presented at a joint seminar of the american society for metals and the metalurgical society of aime, october 27-28, 1962</subfield></datafield><datafield ind1=" " ind2=" " tag="260"><subfield code="a">Ohio, American Society For Metals, 1963. Viii + 408p</subfield></datafield><datafield ind1=" " ind2=" " tag="852"><subfield code="a">25916</subfield></datafield></record></collection>